@manual{LabManual,
title        = {Lab session Manuals},
author       = {Carmen Torres}, 
organization = {Vrije Univesiteit Brussel},
month        = 10-12,
year         = 2017,
}

@book{sysml,
    author =       "Lenny Delligatti",
    title =        "{SysML Distilled}",
    year =         "2013",
    publisher = "OMGSysMl"
}